@article{jeantet2020behavioural,
  title={Behavioural inference from signal processing using animal-borne multi-sensor loggers: a novel solution to extend the knowledge of sea turtle ecology},
  author={Jeantet, Lor{\`e}ne and Planas-Bielsa, V{\'\i}ctor and Benhamou, Simon and Geiger, Sebastien and Martin, Jordan and Siegwalt, Flora and Lelong, Pierre and Gresser, Julie and Etienne, Denis and Hi{\'e}lard, Ga{\"e}lle and others},
  journal={Royal Society Open Science},
  volume={7},
  number={5},
  pages={200139},
  year={2020},
  publisher={The Royal Society}
}

@article{jeantet2023improving,
  title={Improving deep learning acoustic classifiers with contextual information for wildlife monitoring},
  author={Jeantet, Lorene and Dufourq, Emmanuel},
  journal={Ecological Informatics},
  volume={77},
  pages={102256},
  year={2023},
  publisher={Elsevier}
}

@phdthesis{jeantet2021identification,
  title={Identification automatique des comportements {\`a} partir de bio-loggers: une solution pour am{\'e}liorer les connaissances sur lâ€™{\'e}cologie des tortues marines?},
  author={Jeantet, Lor{\`e}ne},
  year={2021},
  school={Universit{\'e} de Strasbourg}
}

@article{dufourq2019evolutionary,
  title={Evolutionary deep learning},
  author={Dufourq, Emmanuel},
  year={2019},
  publisher={Faculty of Science}
}

